@article{ahmed2015investigation,
	title={An investigation of performance analysis of anomaly detection techniques for big data in scada systems.},
	author={Ahmed, Mohiuddin and Anwar, Adnan and Mahmood, Abdun Naser and Shah, Zubair and Maher, Michael J},
	journal={EAI Endorsed Trans. Indust. Netw. \& Intellig. Syst.},
	volume={2},
	number={3},
	pages={e5},
	year={2015}
}

@article{astolfi2016mathematical,
  title={Mathematical methods for SCADA data mining of onshore wind farms: Performance evaluation and wake analysis},
  author={Astolfi, Davide and Castellani, Francesco and Terzi, Ludovico},
  journal={Wind Engineering},
  volume={40},
  number={1},
  pages={69--85},
  year={2016},
  publisher={SAGE Publications Sage UK: London, England}
}

@book{boyer2009scada,
	title={SCADA: supervisory control and data acquisition},
	author={Boyer, Stuart A},
	year={2009},
	publisher={International Society of Automation}
}


@article{chandola2009anomaly,
	title={Anomaly detection: A survey},
	author={Chandola, Varun and Banerjee, Arindam and Kumar, Vipin},
	journal={ACM computing surveys (CSUR)},
	volume={41},
	number={3},
	pages={15},
	year={2009},
	publisher={ACM}
}


@article{daneels1999scada,
	title={What is SCADA?},
	author={Daneels, Axel and Salter, Wayne},
	year={1999}
}



@inproceedings{lu2009review,
  title={A review of recent advances in wind turbine condition monitoring and fault diagnosis},
  author={Lu, Bin and Li, Yaoyu and Wu, Xin and Yang, Zhongzhou},
  booktitle={2009 IEEE Power Electronics and Machines in Wind Applications},
  pages={1--7},
  year={2009},
  organization={IEEE}
}
@book{luo2014wind,
	title={Wind turbine control and monitoring},
	author={Luo, Ningsu and Vidal, Yolanda and Acho, Leonardo},
	volume={821},
	year={2014},
	publisher={Springer}
}

@article{gill1967accuracy,
	title={Accuracy of wind measurements on towers or stacks},
	author={Gill, Gerald C and Olsson, Lars E and Sela, Josef and Suda, Motozo},
	journal={Bulletin of the American Meteorological Society},
	volume={48},
	number={9},
	pages={665--675},
	year={1967},
	publisher={American Meteorological Society}
}

@article{hansen1999influence,
	title={Influence of the meteorology mast on a cup anemometer},
	author={Hansen, Martin OL and Pedersen, BM},
	year={1999}
}

@inproceedings{hasu2006weather,
  title={Weather sensor fault detection with time-dependent recursive thresholds},
  author={Hasu, Vesa and Koivo, Heikki and Poutiainen, Jani},
  booktitle={First International Conference on Innovative Computing, Information and Control-Volume I (ICICIC'06)},
  volume={3},
  pages={140--144},
  year={2006},
  organization={IEEE}
}


@techreport{kim2011use,
  title={Use of SCADA data for failure detection in wind turbines},
  author={Kim, Kyusung and Parthasarathy, Girija and Uluyol, Onder and Foslien, Wendy and Sheng, Shuangwen and Fleming, Paul},
  year={2011},
  institution={National Renewable Energy Lab.(NREL), Golden, CO (United States)}
}

@article{kondo1971response,
	title={Response of cup anemometer in turbulence},
	author={Kondo, Junsei and Naito, Gen-ichi and Fujinawa, Yukio},
	journal={Journal of the Meteorological Society of Japan. Ser. II},
	volume={49},
	number={2},
	pages={63--74},
	year={1971},
	publisher={Meteorological Society of Japan}
}


@article{kusiak2011prediction,
  title={The prediction and diagnosis of wind turbine faults},
  author={Kusiak, Andrew and Li, Wenyan},
  journal={Renewable Energy},
  volume={36},
  number={1},
  pages={16--23},
  year={2011},
  publisher={Elsevier}
}

@techreport{morris1992comparison,
	title={Comparison of anemometers for turbulence characterization},
	author={Morris, VR and Barnard, JC and Wendell, LL and Tomich, SD},
	year={1992},
	institution={Pacific Northwest Lab., Richland, WA (United States)}
}

@inproceedings{schlechtingen2012condition,
  title={Condition monitoring with ordinary wind turbine SCADA data--A neuro-fuzzy approach},
  author={Schlechtingen, Meik and Santos, Ilmar},
  booktitle={Offshore 2011},
  year={2012}
}

@article{schlechtingen2011comparative,
  title={Comparative analysis of neural network and regression based condition monitoring approaches for wind turbine fault detection},
  author={Schlechtingen, Meik and Santos, Ilmar Ferreira},
  journal={Mechanical systems and signal processing},
  volume={25},
  number={5},
  pages={1849--1875},
  year={2011},
  publisher={Elsevier}
}

@article{tchakoua2014wind,
  title={Wind turbine condition monitoring: State-of-the-art review, new trends, and future challenges},
  author={Tchakoua, Pierre and Wamkeue, Ren{\'e} and Ouhrouche, Mohand and Slaoui-Hasnaoui, Fouad and Tameghe, Tommy and Ekemb, Gabriel},
  journal={Energies},
  volume={7},
  number={4},
  pages={2595--2630},
  year={2014},
  publisher={Multidisciplinary Digital Publishing Institute}
}

@article{yang2014wind,
  title={Wind turbine condition monitoring: technical and commercial challenges},
  author={Yang, Wenxian and Tavner, Peter J and Crabtree, Christopher J and Feng, Y and Qiu, Y},
  journal={Wind Energy},
  volume={17},
  number={5},
  pages={673--693},
  year={2014},
  publisher={Wiley Online Library}
}

@article{wang2014scada,
  title={SCADA data based condition monitoring of wind turbines},
  author={Wang, Ke-Sheng and Sharma, Vishal S and Zhang, Zhen-You},
  journal={Advances in Manufacturing},
  volume={2},
  number={1},
  pages={61--69},
  year={2014},
  publisher={Springer}
}

@article{wymore2015survey,
  title={A survey of health monitoring systems for wind turbines},
  author={Wymore, Mathew L and Van Dam, Jeremy E and Ceylan, Halil and Qiao, Daji},
  journal={Renewable and Sustainable Energy Reviews},
  volume={52},
  pages={976--990},
  year={2015},
  publisher={Elsevier}
}

@phdthesis{ribrant2006thesis, 
title={Reliability Performance and Maintenance?A Survey of Failures in Wind Power Systems},
author={Ribrant, J},
school = {School of Electrical Engineeringm, KTH Royal Institute of Technology},
year = {2006}
}

@book{sayigh2012comprehensive,
  title={Comprehensive renewable energy},
  author={Sayigh, Ali},
  year={2012},
  publisher={Elsevier Science \& Technology}
}
